@inproceedings{Ng1999,
 author = {Ng, Andrew Y. and Harada, Daishi and Russell, Stuart J.},
 title = {Policy Invariance Under Reward Transformations: Theory and Application to Reward Shaping},
 booktitle = {Proceedings of the Sixteenth International Conference on Machine Learning},
 series = {ICML '99},
 year = {1999},
 publisher = {Morgan Kaufmann Publishers Inc.},
} 
@inproceedings{Singh_wheredo,
author = {Satinder Singh and Richard L. Lewis and Andrew G. Barto},
title = {Where Do Rewards Come From?},
booktitle = {Proceedings of the Annual Conference of the Cognitive Science Society},
year = {2009},
}
@article{DBLP:journals/tamd/SinghLBS10,
  author    = {Satinder P. Singh and
               Richard L. Lewis and
               Andrew G. Barto and
               Jonathan Sorg},
  title     = {Intrinsically Motivated Reinforcement Learning: An Evolutionary Perspective},
  journal   = {{IEEE} Trans. Autonomous Mental Development},
  %volume    = {2},
  %number    = {2},
  %pages     = {70--82},
  year      = {2010},
  %url       = {https://doi.org/10.1109/TAMD.2010.2051031},
  %doi       = {10.1109/TAMD.2010.2051031},
  %timestamp = {Sat, 27 May 2017 14:23:02 +0200},
  %biburl    = {https://dblp.org/rec/bib/journals/tamd/SinghLBS10},
  bibsource = {dblp computer science bibliography, https://dblp.org}
}
